@inproceedings{oliveira2015, 
  author = {Oliveira and others}, 
  booktitle = {2015 7th International Joint Conference on Knowledge Discovery, Knowledge Engineering and Knowledge Management (IC3K)}, 
  title = {Using the Cluster-Based Tree Structure of K-Nearest Neighbor to Reduce the Effort Required to Classify Unlabeled Large Datasets}, 
  year={2015}, 
  volume={01}, 
  pages={567--576}, 
  month={Nov},
}

@article{salton1975,
  author = {Salton, G. and Wong, A. and Yang, C. S.},
  title = {A Vector Space Model for Automatic Indexing},
  journal = {Commun. ACM},
  volume = {18},
  number = {11},
  month = nov,
  year = {1975},
  pages = {613--620},
  numpages = {8},
  publisher = {ACM},
  address = {New York, NY, USA},
}

@ARTICLE{OliveiraOliveiraCiarelli:2013,
	author = "M G Oliveira and Elias Oliveira and P M Ciarelli",
	title = {Recommendation of programming activities by
multi-Label classification for a formative assessment of students},
	journal = {Expert Systems with Applications},
	year = {2013},
	pages = {6641-6651},
	month = {November},
}

@ARTICLE{Campana:2016,
	author = "J C Campana Filho and others",
	title = {Detecção de Suspeita de Plágio de Códigos C para Apoio ao Ensino em
Programação},
	journal = {Computer on the Beach},
	year = {2016},
}

@ARTICLE{Salton:1975,
	author = "G Salton and A Wong and C S Yang",
	title = {A Vector Space Model for Automatic Indexing},
	journal = {Communications of the ACM},
	year = {1975},
	pages = {613-620},
	month = {November},
}

@ARTICLE{Fukanaga:1975,
	author = "K Fukanaga and L Hostetler",
	title = {k-nearest-neighbor Bayes-risk estimation},
	journal = {IEEE Transactions on Information Theory},
	year = {1975},
	pages = {285-293},
	month = {May},
}

@book{BaezaYatesRibeiroNeto11,
  author={Baeza-Yates, R. and Ribeiro-Neto, B.},
  description = {1. Auflage 1999 ACM Press},
  edition = 2,
  groups = {public},
  interhash = {d0f412ecdb3651c959a9e44d2dc389a7},
  intrahash = {838fbd567bb95a8c96889ac29cd3dba7},
  isbn = {978-0-321-41691-9},
  keywords = {01624 105 book acm information retrieval},
  publisher = {Pearson Addison Wesley},
  timestamp = {2017-07-13T18:07:27.000+0200},
  title = {Modern Information Retrieval},
  username = {flint63},
  year = 2011
}

@article{scikit-learn,
 title={Scikit-learn: Machine Learning in {P}ython},
 author={Pedregosa, F. and Varoquaux, G. and Gramfort, A. and Michel, V.
         and Thirion, B. and Grisel, O. and Blondel, M. and Prettenhofer, P.
         and Weiss, R. and Dubourg, V. and Vanderplas, J. and Passos, A. and
         Cournapeau, D. and Brucher, M. and Perrot, M. and Duchesnay, E.},
 journal={Journal of Machine Learning Research},
 volume={12},
 pages={2825--2830},
 year={2011}
}

@book{ziviani,
  edition = 3,
  title={Projeto De Algoritmos com Implementa{\c{c}}{\~o}es em Pascal e C},
  author={Ziviani, N.},
  publisher={CENGAGE DO BRASIL},
  year = 2011
}


@article{Petrov:2018:ABM:3212477.3220266,
 author = {Petrov, Alex},
 title = {Algorithms Behind Modern Storage Systems},
 journal = {Queue},
 issue_date = {March-April 2018},
 volume = {16},
 number = {2},
 month = apr,
 year = {2018},
 issn = {1542-7730},
 pages = {30:31--30:51},
 articleno = {30},
 numpages = {21},
 url = {http://doi.acm.org/10.1145/3212477.3220266},
 doi = {10.1145/3212477.3220266},
 acmid = {3220266},
 publisher = {ACM},
 address = {New York, NY, USA},
} 

@book{Cormen:2009:IAT:1614191,
 author = {Cormen, Thomas H. and Leiserson, Charles E. and Rivest, Ronald L. and Stein, Clifford},
 title = {Introduction to Algorithms, Third Edition},
 year = {2009},
 isbn = {0262033844, 9780262033848},
 edition = {3rd},
 publisher = {The MIT Press},
} 

@book{Bishop:2006:PRM:1162264,
 author = {Bishop, Christopher M.},
 title = {Pattern Recognition and Machine Learning (Information Science and Statistics)},
 year = {2006},
 isbn = {0387310738},
 publisher = {Springer-Verlag},
 address = {Berlin, Heidelberg},
} 

@ARTICLE{Zhang:2004, 
author={Bin Zhang and S. N. Srihari}, 
journal={IEEE Transactions on Pattern Analysis and Machine Intelligence}, 
title={Fast k-nearest neighbor classification using cluster-based trees}, 
year={2004}, 
volume={26}, 
number={4}, 
pages={525-528}, 
keywords={pattern clustering;trees (mathematics);decision making;image classification;visual databases;fast k nearest neighbor classification;cluster based tree algorithm;metric properties;distance measurement;computation cost reduction;k NN classification;decision making;NIST database;MNIST database;Classification tree analysis;Clustering algorithms;Acceleration;Sorting;Pattern recognition;Samarium;Computational efficiency;NIST;Databases;Extraterrestrial measurements;Algorithms;Artificial Intelligence;Cluster Analysis;Computer Graphics;Computer Simulation;Databases, Factual;Handwriting;Image Enhancement;Image Interpretation, Computer-Assisted;Imaging, Three-Dimensional;Information Storage and Retrieval;Numerical Analysis, Computer-Assisted;Pattern Recognition, Automated;Reproducibility of Results;Sensitivity and Specificity;Signal Processing, Computer-Assisted;Subtraction Technique}, 
doi={10.1109/TPAMI.2004.1265868}, 
ISSN={0162-8828}, 
month={April},}

@article{Branquinho2017,
   title = {{Automatic classification of journalistic documents on the Internet}},
   journal = {{Transinformação}},
   author={OLIVEIRA, Elias AND BRANQUINHO FILHO, Delermando},
   ISSN = {0103-3786},
   language = {en},
   URL = {http://www.scielo.br/scielo.php?script=sci_arttext&pid=S0103-37862017000300245&nrm=iso},
   volume = {29},
   year = {2017},
   month = {12},
   pages = {245 - 255},
   publisher = {scielo},
   }
   
@article{Oliveira2007,
author = {Oliveira, Elias and Ciarelli, Patrick and Hercules Santos, Marcos and Oliveira da Costa, Bruno},
year = {2007},
pages = {},
journal = {Revista Brasileira de Biblioteconomia e Documentação},
title = {Um modelo algébrico para representação, indexação e classificação automática de documentos digitais.}
}